%---------------------------------------------------------------------------%
%-                                                                         -%
%-                             Bibliography                                -%
%-                                                                         -%
%---------------------------------------------------------------------------%

% ------------ reference -------------%
@book{shuttleworth1993evaporation,
  title={Evaporation. Chapter 4 in: Handbook of Hydrology.},
  author={Shuttleworth, WJ},
  year={1993},
  publisher={McGraw-Hill}
}
@article{roderick2007attribution,
  title={On the attribution of changing pan evaporation},
  author={Roderick, Michael L and Rotstayn, Leon D and Farquhar, Graham D and Hobbins, Michael T},
  journal={Geophysical research letters},
  volume={34},
  number={17},
  year={2007},
  publisher={Wiley Online Library}
}
@book{beychok2005fundamentals,
  title={Fundamentals of stack gas dispersion},
  author={Beychok, Milton R},
  year={2005},
  publisher={MR Beychok}
}
@article{张人文2011珠江三角洲风场对空气质量的影响,
  title={珠江三角洲风场对空气质量的影响},
  author={张人文 and 范绍佳},
  journal={中山大学学报自然科学版},
  volume={50},
  number={6},
  pages={130--134},
  year={2011}
}
@article{chan2008air,
  title={Air pollution in mega cities in China},
  author={Chan, Chak K and Yao, Xiaohong},
  journal={Atmospheric environment},
  volume={42},
  number={1},
  pages={1--42},
  year={2008},
  publisher={Elsevier}
}
@article{stocker2013climate,
  title={Climate change 2013: The physical science basis},
  author={Stocker, Thomas F and Qin, Dahe and Plattner, Gian-Kasper and Tignor, Melinda and Allen, Simon K and Boschung, Judith and Nauels, Alexander and Xia, Yu and Bex, Vincent and Midgley, Pauline M and others},
  journal={Contribution of working group I to the fifth assessment report of the intergovernmental panel on climate change},
  volume={1535},
  year={2013},
  publisher={Cambridge university press CambridgeNew York}
}
@article{carvalho2017potential,
  title={Potential impacts of climate change on European wind energy resource under the CMIP5 future climate projections},
  author={Carvalho, D and Rocha, A and G{\'o}mez-Gesteira, M and Santos, C Silva},
  journal={Renewable Energy},
  volume={101},
  pages={29--40},
  year={2017},
  publisher={Elsevier}
}
@techreport{ohlenforst2019global,
  title={Global Wind Report 2018},
  author={Ohlenforst, Karing},
  institution={Global Wind Energy Council},
  year={2019}
}
@book{manwell2010wind,
  title={Wind energy explained: theory, design and application},
  author={Manwell, James F and McGowan, Jon G and Rogers, Anthony L},
  year={2010},
  publisher={John Wiley \& Sons}
}
@article{wan2010homogenization,
  title={Homogenization and trend analysis of Canadian near-surface wind speeds},
  author={Wan, Hui and Wang, Xiaolan L and Swail, Val R},
  journal={Journal of Climate},
  volume={23},
  number={5},
  pages={1209--1225},
  year={2010}
}
@article{pryor2010addendum,
  title={Addendum to “Wind speed trends over the contiguous United States”},
  author={Pryor, SC and Ledolter, J},
  journal={Journal of Geophysical Research: Atmospheres},
  volume={115},
  number={D10},
  year={2010},
  publisher={Wiley Online Library}
}
@article{walter2006high,
  title={A high resolution reference data set of German wind velocity 1951--2001 and comparison with regional climate model results},
  author={Walter, Andreas and Keuler, Klaus and Jacob, Daniela and Knoche, Richard and Block, Alexander and Kotlarski, Sven and M{\"u}ller-Westermeier, Gerhard and Rechid, Diana and Ahrens, Wilfried},
  journal={Meteorologische Zeitschrift},
  volume={15},
  number={6},
  pages={585--596},
  year={2006},
  publisher={E. Schweizerbart'sche Verlagsbuchhandlung}
}
@article{guo2011changes,
  title={Changes in near-surface wind speed in China: 1969--2005},
  author={Guo, Hua and Xu, Ming and Hu, Qi},
  journal={International Journal of Climatology},
  volume={31},
  number={3},
  pages={349--358},
  year={2011},
  publisher={Wiley Online Library}
}
@article{vautard2010northern,
  title={Northern Hemisphere atmospheric stilling partly attributed to an increase in surface roughness},
  author={Vautard, Robert and Cattiaux, Julien and Yiou, Pascal and Th{\'e}paut, Jean-No{\"e}l and Ciais, Philippe},
  journal={Nature geoscience},
  volume={3},
  number={11},
  pages={756--761},
  year={2010},
  publisher={Nature Publishing Group}
}
@article{mcvicar2012land,
  title={Land surface winds and atmospheric evaporative demand [in “State of the Climate in 2011”]},
  author={Vautard, Robert and McVicar, TR and Th{\'e}paut, JN and Roderick, ML},
  journal={Bull. Amer. Meteor. Soc},
  volume={93},
  number={7},
  pages={S36--S38},
  year={2012}
}
@article{tobin2014global,
  title={Global climate; atmospheric circulation; surface winds land surface wind speed in “state of the climate in 2013”},
  author={Tobin, I and Berrisford, P and Dunn, RJH and Vautard, R and McVicar, TR},
  journal={Bull Am Meteorol Soc},
  volume={95},
  number={7},
  pages={S28--S29},
  year={2014}
}
@article{torralba2017uncertainty,
  title={Uncertainty in recent near-surface wind speed trends: a global reanalysis intercomparison},
  author={Torralba, Ver{\'o}nica and Doblas-Reyes, Francisco J and Gonzalez-Reviriego, Nube},
  journal={Environmental Research Letters},
  volume={12},
  number={11},
  pages={114019},
  year={2017},
  publisher={IOP Publishing}
}
@article{berrisford2015global,
  title={Global climate; atmospheric circulation; surface winds land surface wind speed in “state of the climate in 2014”},
  author={Berrisford, P and Tobin, I and Dunn, RJH and Vautard, R and McVicar, TR},
  journal={Bull Am Meteorol Soc},
  volume={95},
  number={7},
  pages={S33--S34},
  year={2015}
}
@article{dunn2016surface,
  title={Surface winds (in “State of the climate in 2015”)},
  author={Dunn, RJH and Azorin-Molina, C and Mears, CA and Berrisford, P and McVicar, TR},
  journal={Bull Am Meteor Soc},
  volume={97},
  number={8},
  pages={S38--S40},
  year={2016}
}
@article{tian2019observed,
  title={Observed and global climate model based changes in wind power potential over the Northern Hemisphere during 1979--2016},
  author={Tian, Qun and Huang, Gang and Hu, Kaiming and Niyogi, Dev},
  journal={Energy},
  volume={167},
  pages={1224--1235},
  year={2019},
  publisher={Elsevier}
}
@article{klink1999trends,
  title={Trends in mean monthly maximum and minimum surface wind speeds in the coterminous United States, 1961 to 1990},
  author={Klink, Katherine},
  journal={Climate Research},
  volume={13},
  number={3},
  pages={193--205},
  year={1999}
}
@article{xu2006steady,
title={Steady decline of east Asian monsoon winds, 1969–2000: Evidence from direct ground measurements of wind speed},
author={Xu, Ming and Chang, C P and Fu, Congbin and Qi, Ye and Robock, Alan and Robinson, David A and Zhang, Huai Min},
journal={Journal of Geophysical Research},
volume={111},
number={24},
year={2006}}
@article{yan2002an,
title={An Analysis of Daily Maximum Wind Speed in Northwestern Europe Using Generalized Linear Models},
author={Yan, Zhongwei and Bate, Steven and Chandler, Richard E and Isham, Valerie and Wheater, H S},
journal={Journal of Climate},
volume={15},
number={15},
pages={2073--2088},
year={2002}}
@article{beniston2005mountain,
title={Mountain Climates and Climatic Change: An Overview of Processes Focusing on the European Alps},
author={Beniston, Martin},
journal={Pure and Applied Geophysics},
volume={162},
number={8},
pages={1587--1606},
year={2005}}
@article{earl20131980–2010,
title={1980–2010 Variability in U.K. Surface Wind Climate},
author={Earl, Nick and Dorling, Steve and Hewston, Richard and Von Glasow, Roland},
journal={Journal of Climate},
volume={26},
number={4},
pages={1172--1191},
year={2013}}
@article{chen2013wind,
title={Wind speed trends over China quantifying the magnitude and assessing causality},
author={Chen, L and Li, Dongliang and Pryor, S C},
journal={International Journal of Climatology},
volume={33},
number={11},
pages={2579--2590},
year={2013}}
@article{wu2016estimating,
title={Estimating the impact of the changes in land use and cover on the surface wind speed over the East China Plain during the period 1980–2011},
author={Wu, Jian and Zha, Jinlin and Zhao, Deming},
journal={Climate Dynamics},
volume={46},
number={3},
pages={847--863},
year={2016}}
@article{zhu2012increases,
title={Increases in aerosol concentrations over eastern China due to the decadal‐scale weakening of the East Asian summer monsoon},
author={Zhu, Jianlei and Liao, Hong and Li, Jianping},
journal={Geophysical Research Letters},
volume={39},
number={9},
pages={L09809},
year={2012}}
@article{ding2014interdecadal,
title={Interdecadal variability of the East Asian winter monsoon and its possible links to global climate change},
author={Ding, Yihui and Liu, Yanju and Liang, Sujie and Ma, Xiaoqing and Zhang, Yingxian and Si, Dong and Liang, Ping and Song, Yafang and Zhang, Jin},
journal={Journal of meteorological research},
volume={28},
number={5},
pages={693--713},
year={2014}}
@article{wever2012quantifying,
title={Quantifying trends in surface roughness and the effect on surface wind speed observations},
author={Wever, Nander},
journal={Journal of Geophysical Research},
volume={117},
year={2012}}
@article{kalnay2003impact,
title={Impact of urbanization and land-use change on climate},
author={Kalnay, Eugenia and Cai, Ming},
journal={Nature},
volume={423},
number={6939},
pages={528--531},
year={2003}}
@article{zha2017effects,
title={Effects of land use and cover change on the near-surface wind speed over China in the last 30 years},
author={Zha, Jinlin and Wu, Jian and Zhao, Deming},
journal={Progress in Physical Geography},
volume={41},
number={1},
pages={0309133316663097},
year={2017}
}    
@article{klaic2002modification,
  title={Modification of the local winds due to hypothetical urbanization of the Zagreb surroundings},
  author={Klai{\'c}, Zvjezdana Benceti{\'c} and Nitis, Theodoros and Kos, Igor and Moussiopoulos, Nicolas},
  journal={Meteorology and Atmospheric Physics},
  volume={79},
  number={1-2},
  pages={1--12},
  year={2002},
  publisher={Springer}
}
@article{zha2019numerical,
  title={Numerical simulation of the effects of land use and cover change on the near-surface wind speed over Eastern China},
  author={Zha, Jinlin and Zhao, Deming and Wu, Jian and Zhang, Pengwei},
  journal={Climate Dynamics},
  volume={53},
  number={3-4},
  pages={1783--1803},
  year={2019},
  publisher={Springer}
}
@article{zhang2010modeling,
title={Modeling the impact of urbanization on the local and regional climate in Yangtze River Delta, China},
author={Zhang, Ning and Gao, Zhiqiu and Wang, Xuemei and Chen, Yan},
journal={Theoretical and Applied Climatology},
volume={102},
number={3},
pages={331--342},
year={2010}
}
@article{ramanathan2005atmospheric,
  title={Atmospheric brown clouds: Impacts on South Asian climate and hydrological cycle},
  author={Ramanathan, Veerabhadran and Chung, C and Kim, D and Bettge, T and Buja, L and Kiehl, JT and Washington, WM and Fu, Q and Sikka, DR and Wild, M},
  journal={Proceedings of the National Academy of Sciences},
  volume={102},
  number={15},
  pages={5326--5333},
  year={2005},
  publisher={National Acad Sciences}
}
@article{bichet2012causes,
  title={Causes for decadal variations of wind speed over land: Sensitivity studies with a global climate model},
  author={Bichet, A and Wild, M and Folini, D and Sch{\"a}r, C},
  journal={Geophysical Research Letters},
  volume={39},
  number={11},
  year={2012},
  publisher={Wiley Online Library}
}
@article{santer2011reproducibility,
  title={The reproducibility of observational estimates of surface and atmospheric temperature change},
  author={Santer, BD and Wigley, TML and Taylor, KE},
  journal={Science},
  volume={334},
  number={6060},
  pages={1232--1233},
  year={2011},
  publisher={American Association for the Advancement of Science}
}
@article{mckee2000climate,
  title={Climate data continuity with ASOS: Report for period April 1996 through June 2000},
  author={McKee, Thomas B and Doesken, Nolan J and Davey, Christopher A and Pielke Sr, Roger A},
  journal={Climatology report; 00-3},
  year={2000},
  publisher={Colorado State University. Libraries}
}
@article{刘学锋2012台站观测环境改变对我国近地面风速观测资料序列的影响,
  title={台站观测环境改变对我国近地面风速观测资料序列的影响},
  author={刘学锋 and 梁秀慧 and 任国玉 and 任芝花},
  journal={高原气象},
  volume={31},
  number={6},
  pages={1645r1652},
  year={2012}
}
@article{archer2005evaluation,
  title={Evaluation of global wind power},
  author={Archer, Cristina L and Jacobson, Mark Z},
  journal={Journal of Geophysical Research: Atmospheres},
  volume={110},
  number={D12},
  year={2005},
  publisher={Wiley Online Library}
}
@article{lu2009global,
  title={Global potential for wind-generated electricity},
  author={Lu, Xi and McElroy, Michael B and Kiviluoma, Juha},
  journal={Proceedings of the National Academy of Sciences},
  volume={106},
  number={27},
  pages={10933--10938},
  year={2009},
  publisher={National Acad Sciences}
}
@article{pryor2011assessing,
  title={Assessing climate change impacts on the near-term stability of the wind energy resource over the United States},
  author={Pryor, SC and Barthelmie, RJ},
  journal={Proceedings of the National Academy of Sciences},
  volume={108},
  number={20},
  pages={8167--8171},
  year={2011},
  publisher={National Acad Sciences}
}
@article{karnauskas2018southward,
  title={Southward shift of the global wind energy resource under high carbon dioxide emissions},
  author={Karnauskas, Kristopher B and Lundquist, Julie K and Zhang, Lei},
  journal={Nature Geoscience},
  volume={11},
  number={1},
  pages={38--43},
  year={2018},
  publisher={Nature Publishing Group}
}
@article{yin2010determining,
  title={Determining factors in potential evapotranspiration changes over China in the period 1971--2008},
  author={Yin, YunHe and Wu, ShaoHong and Dai, ErFu},
  journal={Chinese Science Bulletin},
  volume={55},
  number={29},
  pages={3329--3337},
  year={2010},
  publisher={Springer}
}
@article{kim2015recent,
  title={Recent recovery of surface wind speed after decadal decrease: a focus on South Korea},
  author={Kim, JongChun and Paik, Kyungrock},
  journal={Climate dynamics},
  volume={45},
  number={5-6},
  pages={1699--1712},
  year={2015},
  publisher={Springer}
}
@article{azorinmolina2014homogenization,
title={Homogenization and Assessment of Observed Near-Surface Wind Speed Trends over Spain and Portugal, 1961–2011*},
author={Azorinmolina, Cesar and Vicenteserrano, Sergio M and Mcvicar, Tim R and Jerez, Sonia and Sanchezlorenzo, Arturo and Revuelto, Jesus and Trigo, Ricardo M and Lopezbustins, Joan A and Land, Csiro},
journal={Journal of Climate},
volume={27},
number={10},
pages={3692--3712},
year={2014}
}
@article{mcvicar2012global,
title={Global review and synthesis of trends in observed terrestrial near-surface wind speeds: Implications for evaporation},
author={Mcvicar, Tim R and Roderick, Michael L and Donohue, Randall J and Li, Ling Tao and Van Niel, Thomas G and Thomas, Axel and Grieser, Jurgen and Jhajharia, Deepak and Himri, Y and Mahowald, Natalie M and others},
journal={Journal of Hydrology},
volume={416},
pages={182--205},
year={2012}
}
@article{zeng2019a,
title={A reversal in global terrestrial stilling and its implications for wind energy production},
author={Zeng, Zhenzhong and Ziegler, Alan D and Searchinger, Timothy D and Yang, Long and Chen, Anping and Ju, Kunlu and Piao, Shilong and Li, Laurent and Ciais, Philippe and Chen, Deliang and others},
journal={Nature Climate Change},
volume={9},
number={12},
pages={979--985},
year={2019}
}
@article{smith2011the,
title={The Integrated Surface Database: Recent Developments and Partnerships},
author={Smith, Adam B and Lott, Neal and Vose, Russ},
journal={Bulletin of the American Meteorological Society},
volume={92},
number={6},
pages={704--708},
year={2011}
}
@article{kalnay1996the,
title={The NCEP/NCAR 40-Year Reanalysis Project},
author={Kalnay, Eugenia and Kanamitsu, Masao and Kistler, Robert and Collins, William D and Deaven, D G and Gandin, L S and Iredell, M D and Saha, Suranjana and White, Glenn H and Woollen, J and others},
journal={Bulletin of the American Meteorological Society},
volume={77},
number={3},
pages={437--471},
year={1996}
}
@article{kanamitsu2002ncep–doe,
title={NCEP–DOE AMIP-II Reanalysis (R-2)},
author={Kanamitsu, Masao and Ebisuzaki, Wesley and Woollen, J and Yang, Shikeng and Hnilo, J J and Fiorino, M and Potter, Gerald L},
journal={Bulletin of the American Meteorological Society},
volume={83},
number={11},
pages={1631--1643},
year={2002}
}
@article{dee2011the,
title={The ERA‐Interim reanalysis: configuration and performance of the data assimilation system},
author={Dee, Dick and Uppala, S and Simmons, A J and Berrisford, Paul and Poli, Paul and Kobayashi, S and Andrae, Ulf and Balmaseda, Magdalena and Balsamo, Gianpaolo and Bauer, Peter and others},
journal={Quarterly Journal of the Royal Meteorological Society},
volume={137},
number={656},
pages={553--597},
year={2011}
}
@article{molod2014development,
title={Development of the GEOS-5 atmospheric general circulation model: evolution from MERRA to MERRA2},
author={Molod, Andrea and Takacs, Lawrence L and Suarez, Max J and Bacmeister, Julio T},
journal={Geoscientific Model Development},
volume={8},
number={5},
pages={1339--1356},
year={2014}
}    
@article{kobayashi2015the,
title={The JRA-55 Reanalysis: General Specifications and Basic Characteristics},
author={Kobayashi, Shinya and Ota, Yukinari and Harada, Yayoi and Ebita, Ayataka and Moriya, Masami and Onoda, Hirokatsu and Onogi, Kazutoshi and Kamahori, Hirotaka and Kobayashi, Chiaki and Endo, Hirokazu and others},
journal={Journal of the Meteorological Society of Japan},
volume={93},
number={1},
pages={5--48},
year={2015}
}
@article{lin2013observed,
title={Observed Coherent Trends of Surface and Upper-Air Wind Speed over China since 1960},
author={Lin, Changgui and Yang, Kun and Qin, Jun and Fu, Rong},
journal={Journal of Climate},
volume={26},
number={9},
pages={2891--2903},
year={2013}
}
@article{zhang2019increase,
title={Increase in Surface Friction Dominates the Observed Surface Wind Speed Decline during 1973–2014 in the Northern Hemisphere Lands},
author={Zhang, Zhengtai and Wang, Kaicun and Chen, Deliang and Li, Jianping and Dickinson, Robert E},
journal={Journal of Climate},
volume={32},
number={21},
pages={7421--7435},
year={2019}
}
@article{wallace1981teleconnections,
title={Teleconnections in the Geopotential Height Field during the Northern Hemisphere Winter},
author={Wallace, John M and Gutzler, David S},
journal={Monthly Weather Review},
volume={109},
number={4},
pages={784--812},
year={1981}
}
@article{frankignoul2005observed,
title={Observed Atlantic SST Anomaly Impact on the NAO: An Update},
author={Frankignoul, Claude and Kestenare, Elodie},
journal={Journal of Climate},
volume={18},
number={19},
pages={4089--4094},
year={2005}
}
@article{yasunaka2002regime,
title={Regime Shifts Found in the Northern Hemisphere SST Field},
author={Yasunaka, Sayaka and Hanawa, Kimio},
journal={Journal of the Meteorological Society of Japan},
volume={80},
number={1},
pages={119--135},
year={2002}
}   
@article{fu2011temporal,
title={Temporal variation of wind speed in China for 1961–2007},
author={Fu, Guobin and Yu, Jingjie and Zhang, Yichi and Hu, Shanshan and Ouyang, Rulin and Liu, Wenbin},
journal={Theoretical and Applied Climatology},
volume={104},
number={3},
pages={313--324},
year={2011}
}
@article{durre2006overview,
title={Overview of the Integrated Global Radiosonde Archive},
author={Durre, Imke and Vose, Russell S and Wuertz, D B},
journal={Journal of Climate},
volume={19},
number={1},
pages={53--68},
year={2006}
}
@article{dunn2012hadisd:,
title={HadISD: a quality-controlled global synoptic report database for selected variables at long-term stations from 1973–2011},
author={Dunn, R J H and Willett, K M and Thorne, Peter and Woolley, E V and Durre, Imke and Dai, Aiguo and Parker, D E and Vose, Russell S},
journal={Climate of The Past},
volume={8},
number={5},
pages={1649--1679},
year={2012}
}
@article{allan2006a,
title={A New Globally Complete Monthly Historical Gridded Mean Sea Level Pressure Dataset (HadSLP2): 1850–2004},
author={Allan, Rob and Ansell, Tara},
journal={Journal of Climate},
volume={19},
number={22},
pages={5816--5842},
year={2006}
}     
@article{kennedy2011reassessing1,
title={Reassessing biases and other uncertainties in sea surface temperature observations measured in situ since 1850: 1. Measurement and sampling uncertainties},
author={Kennedy, John and Rayner, N A and Smith, Robert O and Parker, D E and Saunby, Michael},
journal={Journal of Geophysical Research},
volume={116},
year={2011}
}   
@article{kennedy2011reassessing2,
title={Reassessing biases and other uncertainties in sea surface temperature observations measured in situ since 1850: 2. Biases and homogenization},
author={Kennedy, John and Rayner, N A and Smith, Robert O and Parker, D E and Saunby, Michael},
journal={Journal of Geophysical Research},
volume={116},
year={2011}
}
@article{lifland2003the,
title={The North Atlantic Oscillation: Climatic Significance and Environmental Impact},
author={Lifland, Jonathan},
journal={Eos, Transactions American Geophysical Union},
volume={84},
number={8},
pages={73--73},
year={2003}
}
@article{任雪娟2007北太平洋风暴轴的变异特征及其与中纬度海气耦合关系分析,
  title={北太平洋风暴轴的变异特征及其与中纬度海气耦合关系分析},
  author={任雪娟 and 杨修群 and 韩博 and 徐桂玉},
  journal={地球物理学报},
  number={01},
  pages={96-104},
  year={2007}
} 
@article{wang2002atlantic,
title={Atlantic Climate Variability and Its Associated Atmospheric Circulation Cells},
author={Wang, Chunzai},
journal={Journal of Climate},
volume={15},
number={13},
pages={1516--1536},
year={2002}
}
@article{yang2010linking,
title={Linking Observations of the Asian Monsoon to the Indian Ocean SST: Possible Roles of Indian Ocean Basin Mode and Dipole Mode},
author={Yang, Jianling and Liu, Qinyu and Liu, Zhengyu},
journal={Journal of Climate},
volume={23},
number={21},
pages={5889--5902},
year={2010}
}
@article{bollasina2011anthropogenic,
title={Anthropogenic Aerosols and the Weakening of the South Asian Summer Monsoon},
author={Bollasina, Massimo and Ming, Yi and Ramaswamy, V},
journal={Science},
volume={334},
number={6055},
pages={502--505},
year={2011}
}
@article{sooraj2015global,
title={Global warming and the weakening of the Asian summer monsoon circulation: assessments from the CMIP5 models},
author={Sooraj, K P and Terray, Pascal and Mujumdar, M},
journal={Climate Dynamics},
volume={45},
number={1},
pages={233--252},
year={2015}
}
@book{J2004An,
  title={An Introduction to Dynamic Meteorology (4th ed.)},
  author={J. R. Holton},
  year={2004},
  publisher={Elsevier Academic Press, MA}
}
@article{gaffen2000multidecadal,
title={Multidecadal Changes in the Vertical Temperature Structure of the Tropical Troposphere},
author={Gaffen, Dian J and Santer, Benjamin D and Boyle, James S and Christy, John R and Graham, Nicholas E and Ross, Rebecca J},
journal={Science},
volume={287},
number={5456},
pages={1242--1245},
year={2000}
}
@article{sullamenashe2019hierarchical,
title={Hierarchical mapping of annual global land cover 2001 to present: The MODIS Collection 6 Land Cover product},
author={Sullamenashe, Damien and Gray, Josh M and Abercrombie, S Parker and Friedl, Mark A},
journal={Remote Sensing of Environment},
volume={222},
pages={183--194},
year={2019}
}
@article{caesar2006large-scale,
title={Large-scale changes in observed daily maximum and minimum temperatures: Creation and analysis of a new gridded data set},
author={Caesar, John and Alexander, Lisa V and Vose, Russell S},
journal={Journal of Geophysical Research},
volume={111},
year={2006}
}
@article{thorne2005revisiting,
title={Revisiting radiosonde upper air temperatures from 1958 to 2002},
author={Thorne, Peter and Parker, D E and Tett, S F B and Jones, Phil and Mccarthy, Mark and Coleman, Holly and Brohan, Philip},
journal={Journal of Geophysical Research},
volume={110},
year={2005}
}
@misc{wang2014rhtests,
  title={RHtests V4 user manual},
  author={Wang, XL and Feng, Y},
  institution={Climate Research Division, Science and Technology Branch, Environment Canada},
  year={2014}
}
@article{wang2007penalized,
  title={Penalized maximal t test for detecting undocumented mean change in climate data series},
  author={Wang, Xiaolan L and Wen, Qiuzi H and Wu, Yuehua},
  journal={Journal of Applied Meteorology and Climatology},
  volume={46},
  number={6},
  pages={916--931},
  year={2007}
}
@article{wang2008penalized,
  title={Penalized maximal F test for detecting undocumented mean shift without trend change},
  author={Wang, Xiaolan L},
  journal={Journal of Atmospheric and Oceanic Technology},
  volume={25},
  number={3},
  pages={368--384},
  year={2008}
}
@article{wang2010new,
  title={New techniques for the detection and adjustment of shifts in daily precipitation data series},
  author={Wang, Xiaolan L and Chen, Hanfeng and Wu, Yuehua and Feng, Yang and Pu, Qiang},
  journal={Journal of Applied Meteorology and Climatology},
  volume={49},
  number={12},
  pages={2416--2436},
  year={2010}
}
@article{vincent2012second,
  title={A second generation of homogenized Canadian monthly surface air temperature for climate trend analysis},
  author={Vincent, Lucie A and Wang, Xiaolan L and Milewska, Ewa J and Wan, Hui and Yang, Feng and Swail, Val},
  journal={Journal of Geophysical Research: Atmospheres},
  volume={117},
  number={D18},
  year={2012},
  publisher={Wiley Online Library}
}
@article{baule2014climatology,
  title={Climatology and trends of wind speed in the Beaufort/Chukchi Sea coastal region from 1979 to 2009},
  author={Baule, William J and Shulski, Martha D},
  journal={International journal of climatology},
  volume={34},
  number={8},
  pages={2819--2833},
  year={2014},
  publisher={Wiley Online Library}
}
@article{yang2019causes,
  title={Causes of Dimming and Brightening in China Inferred from Homogenized Daily Clear-Sky and All-Sky in situ Surface Solar Radiation Records (1958--2016)},
  author={Yang, Su and Wang, Xiaolan L and Wild, Martin},
  journal={Journal of Climate},
  volume={32},
  number={18},
  pages={5901--5913},
  year={2019}
}
@techreport{skamarock2019description,
  title={A Description of the Advanced Research WRF Model Version 4. Ncar Technical Notes.},
  author={Skamarock, WC and Klemp, JB and others},
  year={2019},
  institution={NCAR}
}
@article{yu2015evaluation,
title={Evaluation of a high-resolution historical simulation over China: climatology and extremes},
author={Yu, Entao and Sun, Jianqi and Chen, Huopo and Xiang, Weiling},
journal={Climate Dynamics},
volume={45},
number={7},
pages={2013--2031},
year={2015}
}
@article{peterson1978on,
title={On the Use of Power Laws for Estimates of Wind Power Potential},
author={Peterson, Ernest W and Hennessey, Joseph P},
journal={Journal of Applied Meteorology},
volume={17},
number={3},
pages={390--394},
year={1978}
}
@article{pryor2010climate,
title={Climate change impacts on wind energy: A review},
author={Pryor, S C and Barthelmie, R J},
journal={Renewable and Sustainable Energy Reviews},
volume={14},
number={1},
pages={430--437},
year={2010}
}
@article{monahan2006the1,
title={The Probability Distribution of Sea Surface Wind Speeds. Part I: Theory and SeaWinds Observations},
author={Monahan, Adam H},
journal={Journal of Climate},
volume={19},
number={4},
pages={497--520},
year={2006}
}
@article{monahan2006the2,
title={The Probability Distribution of Sea Surface Wind Speeds. Part II: Dataset Intercomparison and Seasonal Variability},
author={Monahan, Adam H},
journal={Journal of Climate},
volume={19},
number={4},
pages={521--534},
year={2006}
}
@article{dix2013the,
title={The ACCESS coupled model: documentation of core CMIP5 simulations and initial results},
author={Dix, Martin and Vohralik, Peter and Bi, Dave and Rashid, Harun and Marsland, S J and Ofarrell, Siobhan and Uotila, Petteri and Hirst, Tony and Kowalczyk, Eva and Sullivan, Arnold and others},
journal={Australian Meteorological and Oceanographic Journal},
volume={63},
number={1},
pages={83--99},
year={2013}
}
@article{xin2013climate,
title={Climate Change Projections over East Asia with BCC-CSM1.1 Climate Model under RCP Scenarios},
author={Xin, Xiaoge and Zhang, Li and Zhang, Jie and Tongwen, W U and Fang, Yongjie},
journal={Journal of the Meteorological Society of Japan},
volume={91},
number={4},
pages={413--429},
year={2013}
}
@article{liu2015performance,
title={Performance of the Seasonal Forecasting of the Asian Summer Monsoon by BCC-CSM1.1(m)},
author={Liu, Xiangwen and Wu, Tongwen and Yang, Song and Jie, Weihua and Nie, Suping and Li, Qiaoping and Cheng, Yanjie and Liang, Xiaoyun},
journal={Advances in Atmospheric Sciences},
volume={32},
number={8},
pages={1156--1172},
year={2015}
}
@article{ji2014description,
title={Description and basic evaluation of Beijing Normal University Earth System Model (BNU-ESM) version 1},
author={Ji, Duoying and Wang, Lanning and Feng, Jinming and Wu, Qizhong and Cheng, Huaqiong and Zhang, Qiang and Yang, J and Dong, Wenjie and Dai, Yongjiu and Gong, D and others},
journal={Geoscientific Model Development},
volume={7},
number={5},
pages={2039--2064},
year={2014}
}
@article{arora2011carbon,
title={Carbon emission limits required to satisfy future representative concentration pathways of greenhouse gases},
author={Arora, Vivek K and Scinocca, John and Boer, G J and Christian, James R and Denman, Kenneth L and Flato, G M and Kharin, Viatcheslav V and Lee, W G and Merryfield, William J},
journal={Geophysical Research Letters},
volume={38},
number={5},
year={2011}
}
@article{Fogli2009INGV,
  title={INGV-CMCC Carbon (ICC): A Carbon Cycle Earth System Model},
  author={Fogli, Pier Giuseppe and Manzini, Elisa and Vichi, Marcello and Alessandri, Andrea and Patara, Lavinia and Gualdi, Silvio and Scoccimarro, Enrico and Masina, Simona and Navarra, Antonio},
  journal={CMCC Research Paper},
  year={2009},
}
@misc{gordon2002csiro,
  title={The CSIRO Mk3 climate system model},
  author={Gordon, HB and Rotstayn, LD and McGregor, JL and Dix, MR and Kowalczyk, EA and O’Farrell, SP and Waterman, LJ and Hirst, AC and Wilson, SG and Collier, MA and others},
  year={2002},
  publisher={CSIRO Atmospheric Research technical paper}
}
@article{bao2013flexible,
  title={The flexible global ocean-atmosphere-land system model, spectral version 2: FGOALS-s2},
  author={Bao, Qing and Lin, Pengfei and Zhou, Tianjun and Liu, Yimin and Yu, Yongqiang and Wu, Guoxiong and He, Bian and He, Jie and Li, Lijuan and Li, Jiandong and others},
  journal={Advances in Atmospheric Sciences},
  volume={30},
  number={3},
  pages={561--576},
  year={2013},
  publisher={Springer}
}
@article{griffies2011gfdl,
  title={The GFDL CM3 coupled climate model: characteristics of the ocean and sea ice simulations},
  author={Griffies, Stephen M and Winton, Michael and Donner, Leo J and Horowitz, Larry W and Downes, Stephanie M and Farneti, Riccardo and Gnanadesikan, Anand and Hurlin, William J and Lee, Hyun-Chul and Liang, Zhi and others},
  journal={Journal of Climate},
  volume={24},
  number={13},
  pages={3520--3544},
  year={2011}
}
@article{dunne2012gfdl,
  title={GFDL’s ESM2 global coupled climate--carbon earth system models. Part I: Physical formulation and baseline simulation characteristics},
  author={Dunne, John P and John, Jasmin G and Adcroft, Alistair J and Griffies, Stephen M and Hallberg, Robert W and Shevliakova, Elena and Stouffer, Ronald J and Cooke, William and Dunne, Krista A and Harrison, Matthew J and others},
  journal={Journal of climate},
  volume={25},
  number={19},
  pages={6646--6665},
  year={2012}
}
@article{dunne2013gfdl,
  title={GFDL’s ESM2 global coupled climate--carbon earth system models. Part II: carbon system formulation and baseline simulation characteristics},
  author={Dunne, John P and John, Jasmin G and Shevliakova, Elena and Stouffer, Ronald J and Krasting, John P and Malyshev, Sergey L and Milly, PCD and Sentman, Lori T and Adcroft, Alistair J and Cooke, William and others},
  journal={Journal of Climate},
  volume={26},
  number={7},
  pages={2247--2267},
  year={2013}
}
@article{schmidt2014configuration,
  title={Configuration and assessment of the GISS ModelE2 contributions to the CMIP5 archive},
  author={Schmidt, Gavin A and Kelley, Max and Nazarenko, Larissa and Ruedy, Reto and Russell, Gary L and Aleinov, Igor and Bauer, Mike and Bauer, Susanne E and Bhat, Maharaj K and Bleck, Rainer and others},
  journal={Journal of Advances in Modeling Earth Systems},
  volume={6},
  number={1},
  pages={141--184},
  year={2014},
  publisher={Wiley Online Library}
}
@article{collins2011development,
  title={Development and evaluation of an Earth-System model--HadGEM2},
  author={Collins, WJ and Bellouin, N and Doutriaux-Boucher, M and Gedney, N and Halloran, P and Hinton, T and Hughes, J and Jones, CD and Joshi, M and Liddicoat, S and others},
  journal={Geosci. Model Dev. Discuss},
  volume={4},
  number={2},
  pages={997--1062},
  year={2011}
}
@article{johns2003anthropogenic,
  title={Anthropogenic climate change for 1860 to 2100 simulated with the HadCM3 model under updated emissions scenarios},
  author={Johns, TC and Gregory, JM and Ingram, WJ and Johnson, CE and Jones, A and Lowe, JA and Mitchell, JFB and Roberts, DL and Sexton, DMH and Stevenson, DS and others},
  journal={Climate dynamics},
  volume={20},
  number={6},
  pages={583--612},
  year={2003},
  publisher={Springer}
}
@article{volodin2010simulating,
title={Simulating present-day climate with the INMCM4.0 coupled model of the atmospheric and oceanic general circulations},
author={Volodin, E M and Dianskii, N A and Gusev, A V},
journal={Izvestiya Atmospheric and Oceanic Physics},
volume={46},
number={4},
pages={414--431},
year={2010}
}
@article{dufresne2013climate,
title={Climate change projections using the IPSL-CM5 Earth System Model: from CMIP3 to CMIP5},
author={Dufresne, Jeanlouis and Foujols, Mariealice and Denvil, Sebastien and Caubel, Arnaud and Marti, Olivier and Aumont, Olivier and Balkanski, Y and Bekki, Slimane and Bellenger, Hugo and Benshila, Rachid and others},
journal={Climate Dynamics},
volume={40},
number={9},
pages={2123--2165},
year={2013}
}
@article{sakamoto2012miroc4h,
title={MIROC4h-A New High-Resolution Atmosphere-Ocean Coupled General Circulation Model},
author={Sakamoto, Takashi T and Komuro, Yoshiki and Nishimura, Teruyuki and Ishii, Masayoshi and Tatebe, Hiroaki and Shiogama, Hideo and Hasegawa, Akira and Toyoda, Takahiro and Mori, Masato and Suzuki, Tatsuo and others},
journal={Journal of the Meteorological Society of Japan},
volume={90},
number={3},
pages={325--359},
year={2012}
}
@article{watanabe2010improved,
title={Improved Climate Simulation by MIROC5: Mean States, Variability, and Climate Sensitivity},
author={Watanabe, Masahiro and Suzuki, Tatsuo and Oishi, Ryouta and Komuro, Yoshiki and Watanabe, Shingo and Emori, Seita and Takemura, Toshihiko and Chikira, Minoru and Ogura, Tomoo and Sekiguchi, Miho and others},
journal={Journal of Climate},
volume={23},
number={23},
pages={6312--6335},
year={2010}
}
@article{giorgetta2013climate,
title={Climate and carbon cycle changes from 1850 to 2100 in MPI‐ESM simulations for the Coupled Model Intercomparison Project phase 5},
author={Giorgetta, Marco A and Jungclaus, Johann H and Reick, Christian H and Legutke, Stephanie and Bader, Juergen and Bottinger, Michael and Brovkin, Victor and Crueger, Traute and Esch, Monika and Fieg, Kerstin and others},
journal={Journal of Advances in Modeling Earth Systems},
volume={5},
number={3},
pages={572--597},
year={2013}
}
@article{yukimoto2012a,
title={A New Global Climate Model of the Meteorological Research Institute: MRI-CGCM3 —Model Description and Basic Performance—},
author={Yukimoto, Seiji and Adachi, Yukimasa and Hosaka, Masahiro and Sakami, Tomonori and Yoshimura, Hiromasa and Hirabara, Mikitoshi and Tanaka, Taichu Y and Shindo, Eiki and Tsujino, Hiroyuki and Deushi, Makoto and others},
journal={Journal of the Meteorological Society of Japan},
volume={90},
pages={23--64},
year={2012}
}
@article{wang2011cost,
title={Cost Analysis and Pricing Policy of Wind Power in China},
author={Wang, Qin and Wen, Fushuan and Yang, Aimin and Huang, Jiansheng},
journal={Journal of Energy Engineering-asce},
volume={137},
number={3},
pages={138--150},
year={2011}
}
@article{zongci2009evaluation,
title={Evaluation of wind speeds in China as simulated by global climate models.},
author={ Jiang, Ying and Luo, Yong and Zhao, Zongci},
journal={Acta Meteorologica Sinica},
volume={67},
number={6},
pages={0923--34},
year={2009}
}
@article{miao2020evaluation,
title={Evaluation of northern hemisphere surface wind speed and wind power density in multiple reanalysis datasets},
author={Miao, Haozeyu and Dong, Danhong and Huang, Gang and Hu, Kaiming and Tian, Qun and Gong, Yuanfa},
journal={Energy},
pages={117382},
year={2020}
}
@article{xie2017weighted,
title={Weighted composite analysis and its application: an example using ENSO and geopotential height},
author={Xie, Zhiang and Duan, Anmin and Tian, Qun},
journal={Atmospheric Science Letters},
volume={18},
number={11},
pages={435--440},
year={2017}
}    
%---------------------------------------------------------------------------%
